% This file was created with Citavi 4.4.0.28

@book{Herrmann.2009,
 author = {Herrmann, Frank},
 year = {2009},
 title = {Logik der Produktionslogistik},
 address = {M{\"u}nchen},
 edition = {1. Aufl},
 publisher = {Oldenbourg, R},
 isbn = {9783486588118}
}


